@MISC{report_fm,
  title        = "Forbes Marshall plans to step up export business",
  booktitle    = "{BusinessLine}",
  author       = "Rishi Kumar, V",
  month        =  nov,
  year         =  2014,
  howpublished = "\url{http://www.thehindubusinessline.com/companies/forbes-marshall-plans-to-step-up-export-business/article6558007.ece}",
  note         = "Accessed: 2024-7-11",
  language     = "en"
}

@MISC{what_is_steam,
  title        = "What is steam?",
  booktitle    = "{TLV}",
  author       = "{TLV}",
  month        =  nov,
  year         =  2022,
  howpublished = "\url{https://www.tlv.com/steam-info/steam-theory/steam-basics/what-is-steam}",
  note         = "Accessed: 2024-7-12",
  language     = "en"
}

@MISC{about_fm,
  title        = "Who we are - Forbes Marshall",
  booktitle    = "Forbesmarshall.com",
  howpublished = "\url{https://www.forbesmarshall.com/about/about-forbes-marshall}",
  note         = "Accessed: 2024-7-12",
  language     = "en"
}

@MISC{steam_types_fm,
  title        = "Different types of steam",
  booktitle    = "Forbesmarshall.com",
  howpublished = "\url{https://www.forbesmarshall.com/Knowledge/SteamPedia/About-Steam/Types-of-Steam11}",
  note         = "Accessed: 2024-7-12",
  language     = "en"
}

@MISC{steam_types_tlv,
  title        = "Types of steam",
  booktitle    = "{TLV}",
  author       = "TLV",
  month        =  aug,
  year         =  2022,
  howpublished = "\url{https://www.tlv.com/steam-info/steam-theory/steam-basics/types-of-steam}",
  note         = "Accessed: 2024-7-12",
  language     = "en"
}

@MISC{knitting,
author = {Maity, Subhankar and Rana, Sohel and Pandit, Pintu and Singha, Kunal},
year = {2021},
month = {09},
pages = {},
title = {Advanced Knitting Technology},
isbn = {0323855342, 9780323855341}
}

@MISC{pid,
author = {Paz, Robert},
year = {2001},
month = {01},
pages = {},
title = {The Design of the PID Controller}
}

@MISC{steam_boilers,
  title        = "Steam boilers",
  booktitle    = "Bosch",
  howpublished = "\url{https://www.bosch-industrial.com/global/en/ocs/commercial-industrial/steam-boilers-669471-c/}",
  note         = "Accessed: 2024-12-1",
  language     = "en"
}

@MISC{dyeing_machines,
  title        = "Textile dyeing machines - Thies textilmaschinen",
  booktitle    = "Thies Textilmaschinen | Thies {GmbH} \& Co. {KG}",
  month        =  oct,
  year         =  2020,
  howpublished = "\url{https://www.thiestextilmaschinen.com/product-portfolio/textile-dyeing-machines/}",
  note         = "Accessed: 2024-12-1",
  language     = "en"
}

@MISC{stenter_machine,
  booktitle    = "Textilelearner.net",
  howpublished = "\url{https://textilelearner.net/stenter-machine-types-functions/}",
  note         = "Accessed: 2024-12-1"
}

@MISC{j420,
  title        = "{J420}",
  booktitle    = "Jenbacher.com",
  howpublished = "\url{https://www.jenbacher.com/en/gas-engines/type-4/j420}",
  note         = "Accessed: 2024-12-1",
  language     = "en"
}

@MISC{etp,
  booktitle    = "Textilelearner.net",
  howpublished = "\url{https://textilelearner.net/effluent-treatment-plant-etp-in-textile-industry/}",
  note         = "Accessed: 2024-12-1"
}

@MISC{level_control,
  booktitle    = "Sciencedirect.com",
  howpublished = "\url{https://www.sciencedirect.com/topics/engineering/level-control-system}",
  note         = "Accessed: 2024-12-1"
}
